@techreport{user_guide,
  author = "F. Schmidt",
  title = "{SIXTRACK}: Single particle tracking code treating transverse motion with synchrotron oscillations in a symplectic manner",
        institution = "{CERN}",
        number = "94-56",
  year = "1994"
}

@techreport{racetrack,
  author = "A. Wrulich",
  title = "{RACETRACK}: a computer code for the nonlinear particle motion in accelerators",
        institution = {DESY},
  number = "84-026",
  year = "1984"
}

@techreport{beamoptics,
  author = "F. Willeke and G. Ripken",
  title = "Methods of Beam Optics",
        institution = {DESY},
  number = "88-114",
  year = "1988"
}

@techreport{beam_beam,
  author = "L.H.A. Leunissen and F. Schmidt and G. Ripken",
  title = "{6D} Beam-Beam Kick including Coupled Motion",
  institution = "",
        number = "",
  year = "2001"
}

@techreport{rf_multipoles,
  author = "A. Latina and R. De Maria",
  title = "{RF} multipole implementation",
  institution = "CERN-ATS",
        note = "2012-088"
}

@techreport{ripken85,
  author = "G. Ripken",
  title = "Non-Linear Canonical Equations of Coupled Synchro-Betatron Motion and their Solutions within the Framework of a Non-Linear Six-Dimensional (Symplectic) Tracking Program for Ultrarelativistic Protons",
        institution = {DESY},
  number = "85-084",
  year = "1985"
}

@techreport{barber87,
  author = "D.P. Barber and G. Ripken and F. Schmidt",
  title = "A non-linear canonical formalism for the coupled synchro-betatron motion of protons with arbitrary energy",
        institution = {DESY},
  number = "87-36",
        year = "1987"
}

@techreport{ripken95,
  author = "G. Ripken and F. Schmidt",
  title = "A symplectic Six-Dimensional Thin-Lens Formalism for Tracking",
        institution = {DESY, CERN},
  number = "DESY 95-63 and CERN/SL/95-12(AP)",
        year = "1995"
}

@techreport{heinemann95,
  author = "K. Heinemann and G. Ripken and F. Schmidt",
  title = "Construction of nonlinear symplectic six-dimensional thin-lens maps by exponentiation",
        institution = {DESY},
  number = "95-189",
        year = "1995"
}

@techreport{barber96,
  author = "D.P. Barber and K. Heinemann and G. Ripken and F. Schmidt",
  title = "Symplectic thin-lens transfer maps for {SIXTRACK}: Treatment of bending magnets in terms of the exact Hamiltonian",
        institution = {DESY},
  number = "96-156",
        year = "1996"
}

@techreport{mad8phys,
  author = "F. C. Iselin",
  title = "The MAD Program (Methodical Accelerator Design) - Physics Methods Manual",
        institution = {CERN},
  number = "CERN/SL/92-?? (AP)",
        year = "1992"
}

@techreport{willeke88,
  author = "F. Willeke and G. Ripken",
  title = "Methods of Beam Optics",
        institution = {DESY},
  number = "88-114",
        year = "1988"
}

@book{forest99,
  author = "E. Forest",
  title = "Beam Dynamics: A New Attitude and Framework",
        publisher = "Harcourt Academic Publisher",
        year = "1999"
}


@article{bb6dnote,
      author        = "Iadarola, G and De Maria, R and Papaphilippou, Y",
      title         = "{6D beam-beam interaction step-by-step}",
      month         = "Dec",
      year          = "2017",
      journal  = "CERN-ACC-NOTE-2018-0023",
      url           = "https://cds.cern.ch/record/2306400",
}

@article{bb6dslides,
      author        = "Iadarola, G and De Maria, R and Papaphilippou, Y",
      title         = "{Modelling and implementation of the “6D” beam-beam interaction}",
      month         = "Dec",
      year          = "2017",
      journal  = "CERN-ACC- SLIDES-2018-001",
      url           = "https://cds.cern.ch/record/2306400",
}

@article{hirata,
      author        = "Hirata, K and Moshammer, H and Ruggiero, F",
      title         = "{A Symplectic Beam-Beam Interaction with Energy Change}",
      month         = "Dec",
      year          = "2017",
      journal  = "SLAC-PUB-10055",
}

@article{casbeambeam,
      author        = "Herr, W and Pieloni, T",
      title         = "{Beam-Beam Effects}",
      year          = "2014",
      journal  = "in Proceedings of CAS - CERN Accelerator School: Advanced Accelerator Physics Course, 18 - 29 Aug 2013, Trondheim, Norway, CERN-2014-009",
}


@article{sixtracksite,
      title         = "{SixTrack Project website}",
      note           = "\url{http://cern.ch/sixtrack}",
}

@article{madsite,
      title         = "{MAD-X Project website}",
      note           = "\url{http://cern.ch/madx}",
}

@article{masksite,
      title   = "{LHC Mask Project webstite}",
      note           = "\url{http://lhcmaskdoc.web.cern.ch}", 
      }
      
  

@article{sixtracklibrepo,
      title        = "{SixTrackLib source code repository}",
      note           = "\url{http://github.com/ SixTrack/SixTrackLib}",
}


@article{bbmacrorepo,
      title        = "{Mad-X beam-beam macros, source code repository}",
      note           = "\url{https://github.com/lhcopt/beambeam\_macros}",
}

@book{wolski2014beam,
  title={Beam dynamics in high energy particle accelerators},
  author={Wolski, Andrzej},
  year={2014},
  publisher={World Scientific}
}

@book{Griffiths:111880,
author={Griffiths, D.},
title= {Introduction to elementary particles},
year={2008},
publisher="2nd rev. version, Wiley",
}

@article{Weizsacker1934,
author={Weizsäcker, C.},
title= "{Ausstrahlung bei Stössen sehr schneller Elektronen}",
journal="in Zeitschrift Für Physik, vol. 88, Sep. 1934, pp. 612-625.",
note="\url{https://doi.org/10.1007/BF01333110}"
}

@article{Williams:1935dka,
author={Williams, E.},
title="{Correlation of certain collision problems with radiation theory}",
journal="in Kong. Dan. Vid. Sel. Mat. Fys. Med., vol. 13N4, 1935, pp. 1-50.",
note="\url{https://inspirehep.net/literature/1377275}"
}

@article{Schulte:331845,
author={Schulte, D.},
title="{Study of electromagnetic and hadronic background in the interaction region of the TESLA collider}",
info="Ph.D. thesis, Hamburg University, Germany",
month="Apr.",
year="1997",
note="\url{https://cds.cern.ch/record/331845}"
}

@article{ARUTYUNIAN1963176,
author={Arutyunian, F. and Tumanian, V.}, 
title="{The Compton effect on relativistic electrons and the possibility of obtaining high energy beams}",
journal="in Physics Letters, vol. 4, 1963, pp. 176-178.",
note="\url{https://doi.org/10.1016/0031-9163(63)90351-2}"
}

@article{Bassetti:122227,
author={Bassetti, M. and Erskine, G.},
title="{Closed expression for the electrical field of a two-dimensional Gaussian charge}",
info="CERN, Geneva, Switzerland, Rep. CERN-ISR-TH-80-06, ISR-TH-80-06",
year=1980,
note="\url{https://cds.cern.ch/record/122227}"
}

@book{Halzen:1984mc,
author={Halzen, F. and Martin, A.},
title="{Quarks and Leptons: An Introductory Course in Modern Particle Physics}",
publusher="Wiley", 
year=1984,
note="\url{http://www.gammaexplorer.com/wp-content/uploads/2014/03/Quarks-and-Leptons-An-Introductory-Course-in-Modern-Particle-Physics.pdf}"
}

@article{guineapig,
title="\texttt{GUINEA-PIG} repository", note="\url{https://gitlab.cern.ch/clic-software/guinea-pig-legacy}"
}

@article{GINZBURG198347,
author={Ginzburg, I. and Kotkin, G. and Serbo, V. and Telnov, V.},
title="{Colliding ge and gg beams based on the single-pass e$\pm$e- colliders (VLEPP type)}",
journal="in Nuclear Instruments And Methods In Physics Research, vol. 205, pp. 47-68.",
year=1983,
note="\url{https://www.sciencedirect.com/science/article/pii/0167508783901734}"
}

@article{Yokoya:1985ab,
	author = "Yokoya, Kaoru",
	title = "{A Computer Simulation Code for the Beam-beam Interaction in Linear Colliders}",
	reportNumber = "KEK-Report-85-9",
	month = "10",
	year = "1985",
	note="\url{https://inspirehep.net/literature/218375}"
}

@article{chao_eq_emit,
    author = {Chao, Alexander W.},
    title = "{Evaluation of beam distribution parameters in an electron storage ring}",
    journal = {Journal of Applied Physics},
    volume = {50},
    number = {2},
    pages = {595-598},
    year = {2008},
    month = {07},
    abstract = "{The motion of a charged particle in a linear electromagnetic device can often be analyzed by using the transport matrices. For an electron storage ring, this technique has been applied to yield fruitful results such as the trajectory of the particle distribution center and the beam sizes and shapes in phase space. Coupling effects among the horizontal, vertical, and longitudinal motions are included in a straightforward manner.}",
    issn = {0021-8979},
    doi = {10.1063/1.326070},
    url = {https://doi.org/10.1063/1.326070},
    eprint = {https://pubs.aip.org/aip/jap/article-pdf/50/2/595/7966694/595\_1\_online.pdf},
}

